<record><leader>00000cas a22000007a 4500</leader><controlfield tag="001">15112232</controlfield><controlfield tag="008">870126d18401841msuwr ne      0    0eng d</controlfield><datafield ind1=" " ind2=" " tag="010"><subfield code="a">sn 87065092 </subfield></datafield><datafield ind1=" " ind2=" " tag="040"><subfield code="a">MJA</subfield><subfield code="b">eng</subfield><subfield code="c">MJA</subfield><subfield code="d">MSJ</subfield><subfield code="d">OCLCQ</subfield></datafield><datafield ind1=" " ind2=" " tag="042"><subfield code="a">msc</subfield></datafield><datafield ind1="0" ind2="4" tag="245"><subfield code="a">The Jefferson Whig.</subfield></datafield><datafield ind1=" " ind2=" " tag="260"><subfield code="a">Fayette, Miss. :</subfield><subfield code="b">Thomas Brown,</subfield><subfield code="c">1840-</subfield></datafield><datafield ind1=" " ind2=" " tag="310"><subfield code="a">Weekly</subfield></datafield><datafield ind1="0" ind2=" " tag="362"><subfield code="a">Vol. 1, no. 1 (Sept. 26, 1840)-</subfield></datafield><datafield ind1="1" ind2=" " tag="362"><subfield code="a">Ceased in 1841.</subfield></datafield><datafield ind1=" " ind2=" " tag="752"><subfield code="a">United States</subfield><subfield code="b">Mississippi</subfield><subfield code="c">Jefferson</subfield><subfield code="d">Fayette.</subfield></datafield><datafield ind1="0" ind2="0" tag="780"><subfield code="t">Rodney telegraph</subfield><subfield code="w">(OCoLC)16292220</subfield></datafield></record>